@Book{dbsyscon,
	author = "S. Sudarshan and Abraham Silberschatz and Henry F. Korth",
	title = "{D}atabase {S}ystem {C}oncepts",
	publisher = "McGraw-Hill",
	year = "2011",
	pages = "261-262"
}

@Book{jquery,
	author = "Jay Blanchard",
	title = "{A}pplied j{Q}uery: {D}evelop and {D}esign",
	publisher = "Peachpit Press",
	year = "2012"
}

@Book{mvc,
	author = "Adam Freeman",
	title = "Pro ASP.NET MVC 5",
	publisher = "Apress",
	year = "2013"
}

@Book{entity,
	author = "John PaulMueller",
	title = "{M}icrosoft ADO.NET {E}ntity {F}ramework {S}tep by {S}tep",
	publisher = "O'Reilly Media",
	year = "2013"
}

@Book{ajax,
	author = "Jeremy Keith",
	title = "{B}ulletproof {A}jax",
	publisher = "New Riders",
	year = "2007",
	pages = "5-6"
}